<?xml version="1.0" encoding="UTF-8"?><collection xmlns="http://www.loc.gov/MARC21/slim"><record><leader>00539nam--2200181-i-4500</leader><controlfield tag="001">000023540</controlfield><controlfield tag="002">20161230</controlfield><controlfield tag="005">20161230201035</controlfield><controlfield tag="008">060222s1000------------r-----000-0-fre-d</controlfield><datafield ind1=" " ind2=" " tag="040"><subfield code="a">IFIN-HH</subfield></datafield><datafield ind1=" " ind2=" " tag="041"><subfield code="a">fre</subfield></datafield><datafield ind1=" " ind2=" " tag="080"><subfield code="a">539.122.164.078(043)</subfield></datafield><datafield ind1="1" ind2=" " tag="100"><subfield code="a">Hulot, Jean Paul</subfield></datafield><datafield ind1="1" ind2="0" tag="245"><subfield code="a">Systeme temps reel d`acquisition et de traitement de spectres gamma pour un ensemble tridac c avec disque</subfield></datafield><datafield ind1=" " ind2=" " tag="260"><subfield code="a">Paris</subfield><subfield code="b">Universite De Paris-sud</subfield><subfield code="c">1975</subfield></datafield><datafield ind1=" " ind2=" " tag="300"><subfield code="a">259 P.+ /DIF.</subfield></datafield><datafield ind1=" " ind2=" " tag="852"><subfield code="a">43417</subfield><subfield code="c">539.163.2</subfield></datafield><datafield ind1=" " ind2=" " tag="CAT"><subfield code="a">Sys</subfield><subfield code="c">20120525</subfield><subfield code="h">100651</subfield></datafield></record></collection>